@article{Kalman1960,
    author = {Kalman, Rudolph Emil},
    title = {A New Approach to Linear Filtering and Prediction Problems},
    journal = {Transactions of the ASME--Journal of Basic Engineering},
    volume = {82},
    number = {Series D},
    pages = {35--45},
    year = {1960}
}

@article{IRISHEP,
 title="{A Roadmap for HEP Software and Computing RD for the 2020s}",
   volume={3},
   ISSN={2510-2044},
   url={http://dx.doi.org/10.1007/s41781-018-0018-8},
   DOI={10.1007/s41781-018-0018-8},
   number={1},
   journal={Computing and Software for Big Science},
   publisher={Springer Science and Business Media LLC},
   author={Albrecht, Johannes and et al.},
   year={2019},
   month={Mar}
}

@article{Cerati:2015vna,
      author         = "Cerati, Giuseppe",
      title          = "{Vertexing and Tracking Algoritms at High Pile-Up}",
      booktitle      = "{Proceedings, 23rd International Workshop on Vertex
                        Detectors (Vertex 2014): Doksy, Czech Republic, September
                        15-19, 2014}",
      collaboration  = "CMS",
      journal        = "PoS",
      volume         = "Vertex2014",
      year           = "2015",
      pages          = "037",
      doi            = "10.22323/1.227.0037",
      SLACcitation   = "%%CITATION = POSCI,Vertex2014,037;%%"
}

@article{Cerati_2017,
   title={Parallelized Kalman-Filter-Based Reconstruction of Particle Tracks on Many-Core Processors and GPUs},
   volume={150},
   ISSN={2100-014X},
   url={http://dx.doi.org/10.1051/epjconf/201715000006},
   DOI={10.1051/epjconf/201715000006},
   journal={EPJ Web of Conferences},
   publisher={EDP Sciences},
   author={Cerati, Giuseppe and others},
   editor={Germain, C. and Grasland, H. and Lounis, A. and Rousseau, D. and Varouchas, D.Editors},
   year={2017},
   pages={00006}
}

@article{Cerati_2019,
   title={Parallelized and Vectorized Tracking Using Kalman Filters with CMS Detector Geometry and Events},
   volume={214},
   ISSN={2100-014X},
   url={http://dx.doi.org/10.1051/epjconf/201921402002},
   DOI={10.1051/epjconf/201921402002},
   journal={EPJ Web of Conferences},
   publisher={EDP Sciences},
   author={Cerati, Giuseppe and others},
   editor={Forti, A. and Betev, L. and Litmaath, M. and Smirnova, O. and Hristov, P.Editors},
   year={2019},
   pages={02002}
}

@ARTICLE{2019arXiv190611744C,
       author = {{Cerati}, Giuseppe and others},
               title = "{Speeding up Particle Track Reconstruction in the CMS Detector using a Vectorized and Parallelized Kalman Filter Algorithm}",
      journal = {arXiv e-prints},
     keywords = {Physics - Instrumentation and Detectors, High Energy Physics - Experiment, Physics - Computational Physics},
         year = 2019,
        month = jun,
          eid = {arXiv:1906.11744},
        pages = {arXiv:1906.11744},
archivePrefix = {arXiv},
       eprint = {1906.11744},
 primaryClass = {physics.ins-det},
       adsurl = {https://ui.adsabs.harvard.edu/abs/2019arXiv190611744C},
      adsnote = {Provided by the SAO/NASA Astrophysics Data System}
}

@ARTICLE{2020arXiv200206295C,
       author = {{Cerati}, Giuseppe and others},
        title = "{Reconstruction of Charged Particle Tracks in Realistic Detector Geometry Using a Vectorized and Parallelized Kalman Filter Algorithm}",
      journal = {arXiv e-prints},
     keywords = {Physics - Instrumentation and Detectors, High Energy Physics - Experiment},
         year = 2020,
        month = feb,
          eid = {arXiv:2002.06295},
        pages = {arXiv:2002.06295},
archivePrefix = {arXiv},
       eprint = {2002.06295},
 primaryClass = {physics.ins-det},
       adsurl = {https://ui.adsabs.harvard.edu/abs/2020arXiv200206295C},
      adsnote = {Provided by the SAO/NASA Astrophysics Data System}
}

@misc{CMSTWiki,
howpublished={\url{https://twiki.cern.ch/twiki/bin/viewauth/CMS/SiStripLocalReconstructionPage}}
}

@misc{PATATRACK,
howpublished={\url{https://github.com/cms-patatrack/cmssw}}
}

@article{Aaboud:2017all,
      author         = "Aaboud, M. and others",
      title          = "{Performance of the ATLAS Track Reconstruction Algorithms
                        in Dense Environments in LHC Run 2}",
      collaboration  = "ATLAS",
      journal        = "Eur. Phys. J.",
      volume         = "C77",
      year           = "2017",
      number         = "10",
      pages          = "673",
      doi            = "10.1140/epjc/s10052-017-5225-7",
      eprint         = "1704.07983",
      archivePrefix  = "arXiv",
      primaryClass   = "hep-ex",
      reportNumber   = "CERN-EP-2017-045",
      SLACcitation   = "%%CITATION = ARXIV:1704.07983;%%"
}

@article{Fruhwirth:1987fm,
      author         = "Fruhwirth, R.",
      title          = "{Application of Kalman filtering to track and vertex
                        fitting}",
      journal        = "Nucl. Instrum. Meth.",
      volume         = "A262",
      year           = "1987",
      pages          = "444-450",
      doi            = "10.1016/0168-9002(87)90887-4",
      reportNumber   = "HEPHY-PUB-87-503",
      SLACcitation   = "%%CITATION = NUIMA,A262,444;%%"
}

@article{Chatrchyan:2014fea,
      author         = "Chatrchyan, Serguei and others",
      title          = "{Description and performance of track and primary-vertex
                        reconstruction with the CMS tracker}",
      collaboration  = "CMS",
      journal        = "JINST",
      volume         = "9",
      year           = "2014",
      number         = "10",
      pages          = "P10009",
      doi            = "10.1088/1748-0221/9/10/P10009",
      eprint         = "1405.6569",
      archivePrefix  = "arXiv",
      primaryClass   = "physics.ins-det",
      reportNumber   = "CMS-TRK-11-001, CERN-PH-EP-2014-070",
      SLACcitation   = "%%CITATION = ARXIV:1405.6569;%%"
}

@inproceedings{Jones:2006cmssw,
  author =       {C. D. Jones and M. Paterno and J. Kowalkowski and L. Sexton-Kennedy and W. Tanenbaum},
  title =        {The New {CMS} Event Data Model and Framework},
  booktitle =    {Proceedings of International Conference on Computing in High Energy and Nuclear Physics (CHEP06)},
  year =         2006,
  url =          {https://indico.cern.ch/event/408139/}
}

@inproceedings{ref:amdahl,                                                                                    
  author        = {Amdahl, Gene M.},                                                                          
  title         = {Validity of the single processor approach to achieving large scale computing               
                   capabilities},                                                                             
  booktitle     = {Proceedings of the April 18-20, 1967, Spring Joint Computer Conference},                   
  year          = {1967},                                                                                     
  pages         = {483--485},                                                                                 
  doi           = {10.1145/1465482.1465560},                                                                  
}

@article{Chatrchyan:2008aa,
      author         = "Chatrchyan, S. and others",
      title          = "{The CMS Experiment at the CERN LHC}",
      collaboration  = "CMS",
      journal        = "JINST",
      volume         = "3",
      year           = "2008",
      pages          = "S08004",
      doi            = "10.1088/1748-0221/3/08/S08004",
      SLACcitation   = "%%CITATION = JINST,3,S08004;%%"
}

@article{CMS:2012sda,
      author         = "Matzner Dominguez, David Aaron and Abbaneo, D. and Arndt,
                        K. and Bacchetta, N. and Ball, A. and Bartz, E. and Bertl,
                        W. and Bilei, G. M. and Bolla, G. and Cheung, H. W. K. and
                        others ",
      title          = "{CMS Technical Design Report for the Pixel Detector
                        Upgrade}",
      collaboration  = "CMS",
      doi            = "10.2172/1151650",
      year           = "2012",
      reportNumber   = "CERN-LHCC-2012-016, CMS-TDR-011",
      SLACcitation   = "%%CITATION = CERN-LHCC-2012-016;%%"
}

@inproceedings{Kyungjoo,
author = {Kim, Kyungjoo and Costa, Timothy B. and Deveci, Mehmet and Bradley, Andrew M. and Hammond, Simon D. and Guney, Murat E. and Knepper, Sarah and Story, Shane and Rajamanickam, Sivasankaran},
title = {Designing Vector-Friendly Compact BLAS and LAPACK Kernels},
year = {2017},
isbn = {9781450351140},
publisher = {Association for Computing Machinery},
address = {New York, NY, USA},
url = {https://doi.org/10.1145/3126908.3126941},
doi = {10.1145/3126908.3126941},
booktitle = {Proceedings of the International Conference for High Performance Computing, Networking, Storage and Analysis},
articleno = {Article 55},
numpages = {12},
location = {Denver, Colorado},
series = {SC ’17}
}

@article{ApollinariG.:2017ojx,
      author         = "Apollinari, G. and Béjar Alonso, I. and Brüning, O. and
                        Fessia, P. and Lamont, M. and Rossi, L. and Tavian, L.",
      title          = "{High-Luminosity Large Hadron Collider (HL-LHC)}",
      journal        = "CERN Yellow Rep. Monogr.",
      volume         = "4",
      year           = "2017",
      pages          = "1-516",
      doi            = "10.23731/CYRM-2017-004",
      reportNumber   = "CERN-2017-007-M",
      SLACcitation   = "%%CITATION = CERN-2017-007-M;%%"
}

@article{Evans:2008zzb,
      author         = "Evans, Lyndon and Bryant, Philip",
      title          = "{LHC Machine}",
      journal        = "JINST",
      volume         = "3",
      year           = "2008",
      pages          = "S08001",
      doi            = "10.1088/1748-0221/3/08/S08001",
      SLACcitation   = "%%CITATION = JINST,3,S08001;%%"
}

@article{Halyo:2013gja,
      author         = "Halyo, V. and LeGresley, P. and Lujan, P. and Karpusenko,
                        V. and Vladimirov, A.",
      title          = "{First Evaluation of the CPU, GPGPU and MIC Architectures
                        for Real Time Particle Tracking based on Hough Transform
                        at the LHC}",
      journal        = "JINST",
      volume         = "9",
      year           = "2014",
      pages          = "P04005",
      doi            = "10.1088/1748-0221/9/04/P04005",
      eprint         = "1310.7556",
      archivePrefix  = "arXiv",
      primaryClass   = "physics.comp-ph",
      SLACcitation   = "%%CITATION = ARXIV:1310.7556;%%"
}

@misc{Pantaleo:2293435,
      author        = "Pantaleo, Felice",
      title         = "{New Track Seeding Techniques for the CMS Experiment}",
      year          = "2017",
      howpublished  = "CERN-THESIS-2017-242",
}

@article{Sirunyan:2017ezt,
      author         = "Sirunyan, A. M. and others",
      title          = "{Identification of heavy-flavour jets with the CMS
                        detector in pp collisions at 13 TeV}",
      collaboration  = "CMS",
      journal        = "JINST",
      volume         = "13",
      year           = "2018",
      number         = "05",
      pages          = "P05011",
      doi            = "10.1088/1748-0221/13/05/P05011",
      eprint         = "1712.07158",
      archivePrefix  = "arXiv",
      primaryClass   = "physics.ins-det",
      reportNumber   = "CMS-BTV-16-002, CERN-EP-2017-326",
      SLACcitation   = "%%CITATION = ARXIV:1712.07158;%%"
}

@article{Sirunyan:2018pgf,
      author         = "Sirunyan, A. M. and others",
      title          = "{Performance of reconstruction and identification of
                        $\tau$ leptons decaying to hadrons and $\nu_\tau$ in pp
                        collisions at $\sqrt{s}=$ 13 TeV}",
      collaboration  = "CMS",
      journal        = "JINST",
      volume         = "13",
      year           = "2018",
      number         = "10",
      pages          = "P10005",
      doi            = "10.1088/1748-0221/13/10/P10005",
      eprint         = "1809.02816",
      archivePrefix  = "arXiv",
      primaryClass   = "hep-ex",
      reportNumber   = "CMS-TAU-16-003, CERN-EP-2018-229",
      SLACcitation   = "%%CITATION = ARXIV:1809.02816;%%"
}

@article{Bertolini:2014bba,
      author         = "Bertolini, Daniele and Harris, Philip and Low, Matthew
                        and Tran, Nhan",
      title          = "{Pileup Per Particle Identification}",
      journal        = "JHEP",
      volume         = "10",
      year           = "2014",
      pages          = "059",
      doi            = "10.1007/JHEP10(2014)059",
      eprint         = "1407.6013",
      archivePrefix  = "arXiv",
      primaryClass   = "hep-ph",
      reportNumber   = "FERMILAB-PUB-14-238-PPD, EFI-14-18, MIT-CTP-4558",
      SLACcitation   = "%%CITATION = ARXIV:1407.6013;%%"
}

@article{Khachatryan:2014ira,
      author         = "Khachatryan, Vardan and others",
      title          = "{Observation of the Diphoton Decay of the Higgs Boson and
                        Measurement of Its Properties}",
      collaboration  = "CMS",
      journal        = "Eur. Phys. J.",
      volume         = "C74",
      year           = "2014",
      number         = "10",
      pages          = "3076",
      doi            = "10.1140/epjc/s10052-014-3076-z",
      eprint         = "1407.0558",
      archivePrefix  = "arXiv",
      primaryClass   = "hep-ex",
      reportNumber   = "CMS-HIG-13-001, CERN-PH-EP-2014-117",
      SLACcitation   = "%%CITATION = ARXIV:1407.0558;%%"
}

@article{Khachatryan:2010pw,
      author         = "Khachatryan, Vardan and others",
      title          = "{CMS Tracking Performance Results from Early LHC
                        Operation}",
      collaboration  = "CMS",
      journal        = "Eur. Phys. J.",
      volume         = "C70",
      year           = "2010",
      pages          = "1165-1192",
      doi            = "10.1140/epjc/s10052-010-1491-3",
      eprint         = "1007.1988",
      archivePrefix  = "arXiv",
      primaryClass   = "physics.ins-det",
      reportNumber   = "CERN-PH-EP-2010-019, CMS-TRK-10-001",
      SLACcitation   = "%%CITATION = ARXIV:1007.1988;%%"
}

@article{Khachatryan:2015pot,
      author         = "Khachatryan, Vardan and others",
      title          = "{Search for supersymmetry in events with soft leptons,
                        low jet multiplicity, and missing transverse energy in
                        proton–proton collisions at $\sqrt{s}$=8 TeV}",
      collaboration  = "CMS",
      journal        = "Phys. Lett.",
      volume         = "B759",
      year           = "2016",
      pages          = "9-35",
      doi            = "10.1016/j.physletb.2016.05.033",
      eprint         = "1512.08002",
      archivePrefix  = "arXiv",
      primaryClass   = "hep-ex",
      reportNumber   = "CMS-SUS-14-021, CERN-PH-EP-2015-307",
      SLACcitation   = "%%CITATION = ARXIV:1512.08002;%%"
}

@article{TAU,
    author = {Shende, Sameer S. and Malony, Allen D.},
    title = {The {TAU} {P}arallel {P}erformance {S}ystem},
    year = {2006},
    issue_date = {May 2006},
    publisher = {Sage Publications, Inc.},
    address = {USA},
    volume = {20},
    number = {2},
    issn = {1094-3420},
    url = {https://doi.org/10.1177/1094342006064482},
    doi = {10.1177/1094342006064482},
    journal = {Int. J. High Perform. Comput. Appl.},
    month = may,
    pages = {287–311},
    numpages = {25},
    keywords = {analysis, TAU, instrumentation, measurement, Performance evaluation}
}